@MISC {stephanieweirich,
    author       = "Stephanie Weirich",
    title        = "Designing Dependently-Typed Programming Languages",
    howpublished = "\url{https://www.cs.uoregon.edu/research/summerschool/summer14/curriculum.html}",
    month        = "June",
    year         = "2014"
}
@article{brady2013idris,
  title={Idris, a general-purpose dependently typed programming language: Design and implementation},
  author={Brady, Edwin},
  journal={Journal of Functional Programming},
  volume={23},
  number={05},
  pages={552--593},
  year={2013},
  publisher={Cambridge University Press}
}
@misc {haskellwiki2014,
  author       = "Haskell Wiki",
  title        = "Algebraic Data Types",
  howpublished = "\url{https://wiki.haskell.org/Algebraic_data_type}",
  month        = "June",
  year         = "2014"
}
